
%Bibliography.bib 

@ARTICLE{detectorPartI,
  AUTHOR = "M. Auger et al.",
  TITLE = "The EXO-200 detector, part I: Detector design and construction",
  JOURNAL = "JINST",
  YEAR = "2012",
  volume = "7",
  pages = "P05010"
}

@ARTICLE{bb0nSearch2012,
  AUTHOR = "M. Auger et al.",
  TITLE = "Search for Neutrinoless Double-Beta Decay in ^{136}Xe with EXO-200",
  JOURNAL = "PRL",
  YEAR = "2012",
  volume = "109",
  pages = "032505"
}
